<record><leader>00000cas a22000007a 4500</leader><controlfield tag="001">13781890</controlfield><controlfield tag="008">860626d184u18uupauwr ne      0    0eng d</controlfield><datafield ind1=" " ind2=" " tag="010"><subfield code="a">sn 86053541 </subfield></datafield><datafield ind1=" " ind2=" " tag="040"><subfield code="a">NPX</subfield><subfield code="b">eng</subfield><subfield code="c">NPX</subfield><subfield code="d">NPH</subfield><subfield code="d">OCLCQ</subfield></datafield><datafield ind1=" " ind2=" " tag="042"><subfield code="a">msc</subfield></datafield><datafield ind1="0" ind2="0" tag="245"><subfield code="a">Armstrong County Democratic press.</subfield></datafield><datafield ind1="1" ind2="3" tag="246"><subfield code="a">Democratic press</subfield></datafield><datafield ind1=" " ind2=" " tag="260"><subfield code="a">Kittanning, Pa. :</subfield><subfield code="b">B. Oswald</subfield></datafield><datafield ind1=" " ind2=" " tag="300"><subfield code="a">v.</subfield></datafield><datafield ind1=" " ind2=" " tag="310"><subfield code="a">Weekly</subfield></datafield><datafield ind1=" " ind2=" " tag="588"><subfield code="a">Description based on: Vol. 3, no. 14 (Oct. 26, 1843).</subfield></datafield><datafield ind1=" " ind2=" " tag="752"><subfield code="a">United States</subfield><subfield code="b">Pennsylvania</subfield><subfield code="c">Armstrong</subfield><subfield code="d">Kittanning.</subfield></datafield><datafield ind1="0" ind2="0" tag="780"><subfield code="t">Kittanning gazette (Kittanning, Pa. : 1836)</subfield><subfield code="w">(DLC)sn 86071451</subfield></datafield></record>